@inproceedings{pothkow2011probabilistic,
	title={Probabilistic marching cubes},
	author={P{\"o}thkow, Kai and Weber, Britta and Hege, Hans-Christian},
	booktitle={Computer Graphics Forum},
	volume={30},
	number={3},
	pages={931--940},
	year={2011},
	organization={Wiley Online Library}
}

@inproceedings{potter2009ensemble,
	title={Ensemble-vis: A framework for the statistical visualization of ensemble data},
	author={Potter, Kristin and Wilson, Andrew and Bremer, Peer-Timo and Williams, Dean and Doutriaux, Charles and Pascucci, Valerio and Johnson, Chris R},
	booktitle={Data Mining Workshops, 2009. ICDMW'09. IEEE International Conference on},
	pages={233--240},
	year={2009},
	organization={IEEE}
}

@article{han2011communication,
	title={Communication of uncertainty regarding individualized cancer risk estimates: effects and influential factors},
	author={Han, Paul KJ and Klein, William MP and Lehman, Tom and Killam, Bill and Massett, Holly and Freedman, Andrew N},
	journal={Medical Decision Making},
	volume={31},
	number={2},
	pages={354--366},
	year={2011},
	publisher={Sage Publications Sage CA: Los Angeles, CA}
}

@inproceedings{griethe2005visualizing,
	title={Visualizing uncertainty for improved decision making},
	author={Griethe, Henning and Schumann, Heidrun},
	booktitle={Proc.\ of 4th International Conference on Business Informatics Research},
	series={BIR 2005},
	pages={1--11},
	year={2005}
}

@article{rodriguez2010toward,
	title={Toward uncertain business intelligence: the case of key indicators},
	author={Rodriguez, Carlos and Daniel, Florian and Casati, Fabio and Cappiello, Cinzia},
	journal={IEEE Internet Computing},
	volume={14},
	number={4},
	pages={32--40},
	year={2010},
	publisher={Institute of Electrical and Electronics Engineers, Inc., 10662 Los Vaqueros Circle Los Alamitos CA 90720-1264 United States}
}

@inproceedings{kniss2005statistically,
	title={Statistically quantitative volume visualization},
	author={Kniss, Joe Michael and Van Uitert, Robert and Stephens, Abraham and Li, G-S and Tasdizen, Tolga and Hansen, Charles},
	booktitle={Visualization, 2005. VIS 05. IEEE},
	pages={287--294},
	year={2005},
	organization={IEEE}
}

@article{lundstrom2007uncertainty,
	title={Uncertainty visualization in medical volume rendering using probabilistic animation},
	author={Lundstr{\"o}m, Claes and Ljung, Patric and Persson, Anders and Ynnerman, Anders},
	journal={IEEE Transactions on Visualization and Computer Graphics},
	volume={13},
	number={6},
	pages={1648--1655},
	year={2007},
	publisher={IEEE}
}

@article{prassni2010uncertainty,
	title={Uncertainty-aware guided volume segmentation},
	author={Pra{\ss}ni, J{\"o}rg-Stefan and Ropinski, Timo and Hinrichs, Klaus},
	journal={IEEE Transactions on Visualization \& Computer Graphics},
	number={6},
	pages={1358--1365},
	year={2010},
	publisher={IEEE}
}

@article{politi2007communicating,
	title={Communicating the uncertainty of harms and benefits of medical interventions},
	author={Politi, Mary C and Han, Paul KJ and Col, Nananda F},
	journal={Medical Decision Making},
	volume={27},
	number={5},
	pages={681--695},
	year={2007},
	publisher={Sage Publications Sage CA: Los Angeles, CA}
}


@article{han2011varieties,
	title={Varieties of uncertainty in health care: a conceptual taxonomy},
	author={Han, Paul KJ and Klein, William MP and Arora, Neeraj K},
	journal={Medical Decision Making},
	volume={31},
	number={6},
	pages={828--838},
	year={2011},
	publisher={Sage Publications Sage CA: Los Angeles, CA}
}

@article{han2011communication,
	title={Communication of uncertainty regarding individualized cancer risk estimates: effects and influential factors},
	author={Han, Paul KJ and Klein, William MP and Lehman, Tom and Killam, Bill and Massett, Holly and Freedman, Andrew N},
	journal={Medical Decision Making},
	volume={31},
	number={2},
	pages={354--366},
	year={2011},
	publisher={Sage Publications Sage CA: Los Angeles, CA}
}

@article{hullman2015hypothetical,
	title={Hypothetical outcome plots outperform error bars and violin plots for inferences about reliability of variable ordering},
	author={Hullman, Jessica and Resnick, Paul and Adar, Eytan},
	journal={PloS one},
	volume={10},
	number={11},
	pages={e0142444},
	year={2015},
	publisher={Public Library of Science}
}

@article{correll2014error,
	title={Error bars considered harmful: Exploring alternate encodings for mean and error},
	author={Correll, Michael and Gleicher, Michael},
	journal={IEEE Transactions on Visualization and Computer Graphics},
	volume={20},
	number={12},
	pages={2142--2151},
	year={2014},
	publisher={IEEE}
}

@article{tak2014perception,
	title={The perception of visual uncertaintyrepresentation by non-experts},
	author={Tak, Susanne and Toet, Alexander and van Erp, Jan},
	journal={IEEE Transactions on Visualization and Computer Graphics},
	volume={20},
	number={6},
	pages={935--943},
	year={2014},
	publisher={IEEE}
}

@article{hintze1998violin,
	title={Violin plots: a box plot-density trace synergism},
	author={Hintze, Jerry L and Nelson, Ray D},
	journal={The American Statistician},
	volume={52},
	number={2},
	pages={181--184},
	year={1998},
	publisher={Taylor \& Francis}
}

@article{jackson2008displaying,
	title={Displaying uncertainty with shading},
	author={Jackson, Christopher H},
	journal={The American Statistician},
	volume={62},
	number={4},
	pages={340--347},
	year={2008},
	publisher={Taylor \& Francis}
}

@article{kampstra2008beanplot,
	title={Beanplot: A boxplot alternative for visual comparison of distributions},
	author={Kampstra, Peter},
	journal={Journal of Statistical Software},
	volume={28},
	number={1},
	pages={1--9},
	year={2008}
}