
@inproceedings{GR11,
 author = {Ghosh, Arpita and Roth, Aaron},
 title = {Selling Privacy at Auction},
 booktitle = {Proc. of 12th ACM Conference on Electronic Commerce},
 year = {2011},
 pages = {199--208},
} 

@article{LL+14,
 author = {Li, Chao and Li, Daniel Yang and Miklau, Gerome and Suciu, Dan},
 title = {A Theory of Pricing Private Data},
 journal = {ACM Trans. Database Syst.},
 volume = {39},
 number = {4},
 month = dec,
 year = {2014},
 pages = {34:1--34:28},
 publisher = {ACM},
 address = {New York, NY, USA},
} 

@article{CCK+16,
 author = {Chen, Yiling and Chong, Stephen and Kash, Ian A. and Moran, Tal and Vadhan, Salil},
 title = {Truthful Mechanisms for Agents That Value Privacy},
 journal = {ACM Trans. Econ. Comput.},
 volume = {4},
 number = {3},
 month = mar,
 year = {2016},
 pages = {13:1--13:30},
 publisher = {ACM},
 address = {New York, NY, USA},
} 

@inproceedings{X13,
 author = {Xiao, David},
 title = {Is Privacy Compatible with Truthfulness?},
 booktitle = {Proc. of 4th Conference on Innovations in Theoretical Computer Science},
 year = {2013},
 pages = {67--86},
} 

@inproceedings{LR12,
 author = {Ligett, Katrina and Roth, Aaron},
 title = {Take It or Leave It: Running a Survey when Privacy Comes at a Cost},
 booktitle = {Proc. of 8th International Conference on Internet and Network Economics},
 year = {2012},
 pages = {378--391},
} 

@inproceedings{HZVS12,
	author = {Chien-Ju Ho and Yu Zhang and Jennifer Vaughan and Mihaela van der Schaar},
	title = {Towards Social Norm Design for Crowdsourcing Markets},
	year = {2012},
	booktitle = {The 4th Human Computation Workshop (HCOMP)}
}

@inproceedings{HSV14,
 author = {Ho, Chien-Ju and Slivkins, Aleksandrs and Vaughan, Jennifer Wortman},
 title = {Adaptive Contract Design for Crowdsourcing Markets: Bandit Algorithms for Repeated Principal-agent Problems},
 booktitle = {Proc. of Fifteenth ACM Conference on Economics and Computation},
 year = {2014},
 pages = {359--376},
} 

