@inproceedings{Xia15,
 author = {Xia, Weiyi and Kantarcioglu, Murat and Wan, Zhiyu and Heatherly, Raymond and Vorobeychik, Yevgeniy and Malin, Bradley},
 title = {Process-Driven Data Privacy},
 booktitle = {ACM International on Conference on Information and Knowledge Management},
 year = {2015},
 pages = {1021--1030},
}

@Article{Li17,
  author = 	 {Bo Li and Yevgeniy Vorobeychik and Muqun Li and Bradley Malin},
  title = 	 {An Iterative Classification Scheme for Sanitizing Large-Scale Datasets},
  journal = 	 {IEEE Transactions on Knowledge and Data Engineering},
  year = 	 {2017},
  volume = 	 {29},
  number = 	 {3},
  pages = 	 {698-711},
}

@Article{Wan17,
  author = 	 {Zhiyu Wan and Yevgeniy Vorobeychik and Weiyi Xia and Ellen Wright Clayton and Murat Kantarcioglu and Bradley Malin},
  title = 	 {Expanding Access to large-scale genomic data while promoting privacy: a game theoretic approach},
  journal = 	 {The American Journal of Human Genetics},
  year = 	 {2017},
  volume = 	 {100},
  number = 	 {2},
  pages = 	 {316-322},
}

@Article{Wan15,
  author = 	 {Zhiyu Wan and Yevgeniy Vorobeychik and Weiyi Xia and Ellen Clayton and Murat Kantarcioglu and Ranjit Ganta and Raymond Heatherly and Bradley Malin},
  title = 	 {A game theoretic framework for analyzing re-identification risk},
  journal = 	 {PLoS One},
  year = 	 {2015},
  volume = 	 {10},
  number = 	 {3},
  pages = 	 {e0120592},
}

